<?xml version="1.0" encoding="UTF-8"?><record xmlns="http://www.loc.gov/MARC21/slim" xmlns:cinclude="http://apache.org/cocoon/include/1.0" xmlns:zs="http://www.loc.gov/zing/srw/">
  <leader>00759cz  a2200145n  4500</leader>
  <controlfield tag="001">no2011129584</controlfield>
  <controlfield tag="003">DLC</controlfield>
  <controlfield tag="005">20120818084028.0</controlfield>
  <controlfield tag="008">110819n| acannaabn          |n ana     c</controlfield>
  <datafield tag="010" ind1=" " ind2=" ">
    <subfield code="a">no2011129584</subfield>
  </datafield>
  <datafield tag="035" ind1=" " ind2=" ">
    <subfield code="a">(OCoLC)oca08950914</subfield>
  </datafield>
  <datafield tag="040" ind1=" " ind2=" ">
    <subfield code="a">InU</subfield>
    <subfield code="b">eng</subfield>
    <subfield code="c">InU</subfield>
    <subfield code="d">DLC</subfield>
  </datafield>
  <datafield tag="110" ind1="2" ind2=" ">
    <subfield code="a">Komitet Wojewódzki PZPR w Szczecinie.</subfield>
    <subfield code="b">Plenum</subfield>
    <subfield code="d">(1966 :</subfield>
    <subfield code="c">Szczecin, Poland)</subfield>
  </datafield>
  <datafield tag="667" ind1=" " ind2=" ">
    <subfield code="a">THIS 1XX FIELD CANNOT BE USED UNDER RDA UNTIL THIS RECORD HAS BEEN REVIEWED AND/OR UPDATED</subfield>
  </datafield>
  <datafield tag="670" ind1=" " ind2=" ">
    <subfield code="a">O dalsze umocnienie działalności związków zawodowych w woj. szczecińskim i usprawnienie działalności samorządu robotniczego oraz o wzbogacenie treści i polepszenie metod kierownictwa partyjnego związkami zawodowymi, 1966:</subfield>
    <subfield code="b">t.p. (Plenum Komitetu Wojwódziego PZPR w Szczecinie)</subfield>
  </datafield>
</record>